%bibtex style
%only initials for first and middle names

%common strings
@string{AMS = "{American Mathematical Society}"}
@string{arXiv = "arXiv preprint"}
@string{JGlobOpt = "{J.\ Global Optim.}"}
@string{LinAlgApp = "{Linear Algebra Appl.}"}
@string{MathOR = "{Math.\ Oper.\ Res.}"}
@string{MathProg = "{Math.\ Program.}"}
@string{ORLetters = "{Oper.\ Res.\ Lett.}"}
@string{SIAMJOpt = "{SIAM J.\ Optim.}"}
@string{SIAMRev = "{SIAM Rev.}"}


% articles ============================================
% author
% title
% year
% journal
% volume
% number (optional)
% pages

@article{abbe2015exact,
  author={E. Abbe and A. S. Bandeira and G. Hall},
  title={Exact recovery in the stochastic block model},
  year={2015},
  journal={IEEE Trans. Inform. Theory},
  volume={62},
  number={1},
  pages={471--487}
}

@article{adachi2019eigenvalue,
  author={S. Adachi and Y. Nakatsukasa},
  title={Eigenvalue-based algorithm and analysis for nonconvex {QCQP} with one constraint},
  year={2019},
  journal=MathProg,
  volume={173},
  pages={79--116}
}

@article{bao2011semidefinite,
  author={X. Bao and N. V. Sahinidis and M. Tawarmalani},
  title={Semidefinite relaxations for quadratically constrained quadratic programming: {A} review and comparisons},
  year={2011},
  journal=MathProg,
  volume={129},
  pages={129}
}

@article{barker1981theory,
  author={G. P. Barker},
  title={Theory of cones},
  year={1981},
  journal=LinAlgApp,
  volume={39},
  pages={263--291}
}

@article{barvinok1993feasibility,
  author={A. Barvinok},
  title={Feasibility testing for systems of real quadratic equations},
  year={1993},
  journal={Discrete Comput. Geom.},
  volume={10},
  pages={1--13}
}

@article{barvinok1995problems,
  author={A. Barvinok},
  title={Problems of distance geometry and convex properties of quadratic maps},
  year={1995},
  journal={Discrete Comput. Geom.},
  volume={13},
  pages={189--202}
}

@article{beck2006strong,
  author={A. Beck and Y. C. Eldar},
  title={Strong duality in nonconvex quadratic optimization with two quadratic constraints},
  year={2006},
  journal=SIAMJOpt,
  volume={17},
  number={3},
  pages={844--860}
}

@article{beck2007quadratic,
  author={A. Beck},
  title={Quadratic matrix programming},
  year={2007},
  journal=SIAMJOpt,
  volume={17},
  number={4},
  pages={1224--1238}
}

@article{beck2012new,
  author={A. Beck and Y. Drori and M. Teboulle},
  title={A new semidefinite programming relaxation scheme for a class of quadratic matrix problems},
  year={2012},
  journal=ORLetters,
  volume={40},
  number={4},
  pages={298--302}
}

@article{benTal1996hidden,
  author={A. Ben-Tal and M. Teboulle},
  title={Hidden convexity in some nonconvex quadratically constrained quadratic programming},
  year={1996},
  journal=MathProg,
  volume={72},
  pages={51-63}
}

@article{benTal2014hidden,
  author={A. Ben-Tal and D. {den Hertog}},
  title={Hidden conic quadratic representation of some nonconvex quadratic optimization problems},
  year={2014},
  journal=MathProg,
  volume={143},
  pages={1--29}
}

@article{burer2003nonlinear,
  author={S. Burer and R. D.C. Monteiro},
  title={A nonlinear programming algorithm for solving semidefinite programs via low-rank factorization},
  year={2003},
  journal=MathProg,
  volume={95},
  pages={329--357}
}

@article{burer2013second,
  author = {S. Burer and K. M. Anstreicher},
  title = {Second-order-cone constraints for {Extended Trust-Region Subproblems}},
  year = {2013},
  journal = SIAMJOpt,
  volume = {23},
  number = {1},
  pages = {432-451}
}

@article{burer2014trust,
	author={S. Burer and B. Yang},
	title={The trust region subproblem with non-intersecting linear constraints},
	year={2014},
	journal=MathProg,
	volume={149},
	pages={253--264}
}

@article{burer2015gentle,
  author={S. Burer},
  title={A gentle, geometric introduction to copositive optimization},
  year={2015},
  journal=MathProg,
  volume={151},
  pages={89--116}
}

@article{burer2017how,
  author={S. Burer and F. K{\i}l{\i}n\c{c}-Karzan},
  title={How to convexify the intersection of a second order cone and a nonconvex quadratic},
  year={2017},
  journal=MathProg,
  volume={162},
  pages={393-429}
}

@article{burer2019exact,
	author={S. Burer and Y. Ye},
  title={Exact semidefinite formulations for a class of (random and non-random) nonconvex quadratic programs},
  year={2019},
  journal=MathProg,
  volume={181},
  pages={1--17}
}

@article{candes2015phase,
  author={E. J. Cand\`{e}s and Y. C. Eldar and T. Strohmer and V. Voroninski},
  title={Phase retrieval via matrix completion},
  year={2015},
  journal=SIAMRev,
  volume={57},
  number={2},
  pages={225--251}
}

@article{ceria1999convex,
  author={S. Ceria and J. Soares},
  title={Convex programming for disjunctive convex optimization},
  year={1999},
  journal=MathProg,
  volume={86},
  pages={595--614}
}

@article{deKlerk2007reduction,
  author={E. {de Klerk} and D. V. Pasechnik and A. Schrijver},
  title={Reduction of symmetric semidefinite programs using the regular $\ast$-representation},
  year={2007},
  journal=MathProg,
  volume={109},
  pages={613--624}
}

@article{deKlerk2010exploiting,
  author={E. {de Klerk} and R. Sotirov},
  title={Exploiting group symmetry in semidefinite programming relaxations of the quadratic assignment problem},
  year={2010},
  journal=MathProg,
  volume={122},
  pages={225--246}
}

@article{deKlerk2011numerical,
  author={E. {de Klerk} and C. Dobre and D. V. Pasechnik},
  title={Numerical block diagonalization of matrix *-algebras with application to semidefinite programming},
  year={2011},
  journal=MathProg,
  volume={129},
  pages={91--111}
}

@article{dines1941mapping,
  author={L. L. Dines},
  title={On the mapping of quadratic forms},
  year={1941},
  journal={Bull.\ Amer.\ Math.\ Soc.},
  volume={47},
  number={6},
  pages={494--498}
}

@article{fradkov1979s-procedure,
	author={A. L. Fradkov and V. A. Yakubovich},
	title ={The {S}-procedure and duality relations in nonconvex problems of quadratic programming},
	year={1979},
	journal={Vestnik Leningrad Univ. Math.},
	volume={6},
	pages={101--109}
}

@article{frangioni2006perspective,
  author={A. Frangioni and C. Gentile},
  title={Perspective cuts for a class of convex 0--1 mixed integer programs},
  year={2006},
  journal=MathProg,
  volume={106},
  pages={225--236}
}

@article{fujie1997semidefinite,
  author={T. Fujie and M. Kojima},
  title={Semidefinite programming relaxation for nonconvex quadratic programs},
  year={1997},
  journal=JGlobOpt,
  volume={10},
  number={4},
  pages={367--380}
}

@article{gatermann2004symmetry,
  author={K. Gatermann and P. A. Parrilo},
  title={Symmetry groups, semidefinite programs, and sums of squares},
  year={2004},
  journal={J. Pure Appl. Algebra},
  volume={192},
  number={1-3},
  pages={95--128}
}

@article{gunluk2010perspective,
  author={O. G{\"u}nl{\"u}k and J. Linderoth},
  title={Perspective reformulations of mixed integer nonlinear programs with indicator variables},
  year={2010},
  journal=MathProg,
  volume={124},
  pages={183--205}
}

@article{hoNguyen2017second,
  author={N. Ho-Nguyen and F. K{\i}l{\i}n\c{c}-Karzan},
  title={A second-order cone based approach for solving the {Trust Region Subproblem} and its variants},
  year={2017},
  journal=SIAMJOpt,
  volume  = {27},
  number  = {3},
  pages = {1485-1512}
}

@article{jeyakumar2013trust,
author={V. Jeyakumar and G. Y. Li},
title={Trust-region problems with linear inequality constraints: {E}xact {SDP} relaxation, global optimality and robust optimization},
year={2014},
journal=MathProg,
volume={147},
pages={171--206}
}

@article{jiang2016simultaneous,
  author={R. Jiang and D. Li},
  title={Simultaneous diagonalization of matrices and its applications in quadratically constrained quadratic programming},
  year={2016},
  journal=SIAMJOpt,
  volume={26},
  number={3},
  pages={1649--1668}
}

@article{jiang2019novel,
  author={R. Jiang and D. Li},
  title={Novel reformulations and efficient algorithms for the {Generalized Trust Region Subproblem}},
  year={2019},
  journal=SIAMJOpt,
  volume={29},
  number={2},
  pages={1603--1633},
}

@article{jiang2020linear,
  title={A linear-time algorithm for generalized trust region problems},
  author={R. Jiang and D. Li},
  year={2020},
  journal=SIAMJOpt,
  volume={30},
  number={1},
  pages={915--932}
}

@article{kilincKarzan2015two,
  author={F. K{\i}l{\i}n\c{c}-Karzan and S. Y{\i}ld{\i}z},
  title={Two-term disjunctions on the {S}econd-{O}rder {C}one},
  year={2015},
  journal=MathProg,
  volume = {154},
  pages = {463--491}
}

@article{laurent1995positive,
	author={M. Laurent and S. Poljak},
  title={On a positive semidefinite relaxation of the cut polytope},
  year={1995},
  journal=LinAlgApp,
  volume={223-224},
  pages={439--461}
}

@article{locatelli2015some,
  author={M. Locatelli},
  title={Some results for quadratic problems with one or two quadratic constraints},
  year={2015},
  journal=ORLetters,
  volume={43},
  number={2},
  pages={126--131}
}

@article{locatelli2016exactness,
  author={M. Locatelli},
  title={Exactness conditions for an {SDP} relaxation of the extended trust region problem},
  year={2016},
  journal=ORLetters,
  volume={10},
  number={6},
  pages={1141--1151}
}

@article{luo2010semidefinite,
  author={Z. Luo and W. Ma and A. M. So and Y. Ye and S. Zhang},
  title={Semidefinite relaxation of quadratic optimization problems},
  year={2010},
  journal={IEEE Signal Process. Mag.},
  volume={27},
  number={3},
  pages={20--34}
}

@article{modaresi2017convex,
  author={S. Modaresi and J. P. Vielma},
  title={Convex hull of two quadratic or a conic quadratic and a quadratic inequality},
  year={2017},
  journal=MathProg,
  volume={164},
  pages={383--409}
}

@article{pataki1998rank,
  author={G. Pataki},
  title={On the rank of extreme matrices in semidefinite programs and the multiplicity of optimal eigenvalues},
  year={1998},
  journal=MathOR,
  volume={23},
  number={2},
  pages={339--358}
}

@article{pataki2013connection,
  author={G. Pataki},
  title={On the connection of facially exposed and nice cones},
  year={2013},
  journal={Journal of Mathematical Analysis and Applications},
  volume={400},
  number={1},
  pages={211--221}
}

@article{phan1982quadratically,
	author={E. Phan-huy-Hao},
  title={Quadratically constrained quadratic programming: {S}ome applications and a method for solution},
  year={1982},
  journal={Z.\ Oper.\ Res.},
  volume={26},
  pages={105--119}
}

@article{ramana1995some,
  author={M. Ramana and A. J. Goldman},
  title={Some geometric results in semidefinite programming},
  year={1995},
  journal=JGlobOpt,
  volume={7},
  number={1},
  pages={33--50}
}

@article{rujeerapaiboon2019size,
  author={N. Rujeerapaiboon and K. Schindler and D. Kuhn and W. Wiesemann},
  title={Size matters: Cardinality-constrained clustering and outlier detection via conic optimization},
  journal=SIAMJOpt,
  volume={29},
  number={2},
  pages={1211--1239}
}

@article{shor1990dual,
  author={N. Z. Shor},
  title={Dual quadratic estimates in polynomial and Boolean programming},
  journal={Ann.\ Oper.\ Res.},
  volume={25},
  pages={163--168},
  year={1990}
}

@article{sturm2003cones,
	author={J. F. Sturm and S. Zhang},
	title={On cones of nonnegative quadratic functions},
	year={2003},
	journal=MathOR,
	volume={28},
	number={2},
	pages={246--267}
}

@article{vandenberghe1996semidefinite,
  author={L. Vandenberghe and S. Boyd},
  title={Semidefinite programming},
  year={1996},
  journal=SIAMRev,
  volume={38},
  number={1},
  pages={49--95}
}

@article{wang2020generalized,
  author={A. L. Wang and F. K{\i}l{\i}n\c{c}-Karzan},
  title={The generalized trust region subproblem: solution complexity and convex hull results},
  year={2020},
  journal=MathProg
}

@article{wang2020tightness,
  author={A. L. Wang and F. K{\i}l{\i}n\c{c}-Karzan},
  title={On the tightness of {SDP} relaxations of {QCQPs}},
  year={2020},
  journal=MathProg
}

@article{vandenberghe1996semidefinite,
  author={L. Vandenberghe and S. Boyd},
  title={Semidefinite programming},
  year={1996},
  journal=SIAMRev,
  volume={38},
  number={1},
  pages={49--95}
}

@article{yakubovich1971s,
  author={V. A. Yakubovich},
  title={S-procedure in nolinear control theory},
  year={1971},
  journal={Vestnik Leningrad Univ. Math.},
  pages={73--93}
}

@article{yang2018quadratic,
  author={B. Yang and K. Anstreicher and S. Burer},
  title={Quadratic programs with hollows},
  year={2018},
  journal=MathProg,
  volume = {170},
  pages={541--553}
}

@article{ye1999approximating,
  author={Y. Ye},
  title={Approximating quadratic programming with bound and quadratic constraints},
  year={1999},
  journal=MathProg,
  volume={84},
  pages={219--226}
}

@article{ye2003new,
	author={Y. Ye and S. Zhang},
	title={New results on quadratic minimization},
	year={2003},
	journal=SIAMJOpt,
	volume={14},
	number={1},
	pages={245--267}
}

@article{yildiran2009convex,
  author={U. Y{\i}ld{\i}ran},
  title={Convex hull of two quadratic constraints is an {LMI} set},
  year={2009},
  journal={IMA J. Math. Control Inform.},
  volume={26},
  number={4},
  pages={417--450}
}

@article{yildiz2015disjunctive,
  author={S. Y{\i}ld{\i}z and G. Cornu\'ejols},
  title={Disjunctive cuts for cross-sections of the {S}econd-{O}rder {C}one},
  year={2015},
  journal=ORLetters,
  volume={43},
  number={4},
  pages={432–-437}
}

% books ===============================================
% author or editor
% title
% year
% publisher
% series
% volume

@book{barvinok2002book,
	author={A. Barvinok},
	title={A Course in Convexity},
	year={2002},
	publisher=AMS,
	series={Grad. Stud. Math.},
	volume={54}
}

@book{benTal2009robust,
	author={A. Ben-Tal and L. {El Ghaoui} and A. Nemirovski},
	title={Robust Optimization},
	year={2009},
	publisher={Princeton University Press},
	series={Princeton Ser. Appl. Math.},
	volume={28}
}

@book{benTal2001lectures,
  author={A. Ben-Tal and A. Nemirovski},
  title={Lectures on Modern Convex Optimization},
  year={2001},
  publisher={SIAM},
  series={MPS-SIAM Ser. Optim.},
  volume={2}
}

@book{conforti2014integer,
  author={M. Conforti and G. Cornu{\'e}jols and G. Zambelli},
  title={Integer Programming},
  year={2014},
  publisher={Springer},
  series={Grad. Texts in Math.},
  volume={271}
}

@book{ekeland1999convex,
  author={I. Ekeland and R. Temam}, 
  title={Convex analysis and variational problems},
  year={1999},
  publisher={SIAM},
  series={Classics Appl. Math.},
  volume={28}
}

@book{tawarmalani2002convexification,
  author={M. Tawarmalani and N. Sahinidis},
  title={Convexification and global optimization in continuous and mixed-integer nonlinear programming: {T}heory, algorithms, software, and applications},
  year={2002},
  publisher={Springer US},
  series={Nonconvex Optim. Appl.},
  volume={65}
}

@book{wolkowicz2012handbook,
  author={H. Wolkowicz and R. Saigal and L. Vandenberghe},
  title={Handbook of semidefinite programming: {T}heory, algorithms, and applications},
  year={2012},
  publisher={Springer},
  series={Internat. Ser. Oper. Res. Management Sci.},
  volume={27},
}

% inbook ==============================================
% author or editor
% title
% year
% publisher
% series
% volume
% chapter or pages


% incollection ========================================

@incollection{pataki2000geometry,
  author={G. Pataki},
  title={The geometry of semidefinite programming},
  booktitle={Handbook of semidefinite programming},
  year={2000},
  pages={29--65},
  publisher={Springer}
}

% theses ==============================================
% author
% title
% year
% school

@phdthesis{sheriff2013convexity,
  author={J. L. Sheriff},
  title={The convexity of quadratic maps and the controllability of coupled systems},
  year={2013},
  school={Harvard University}
}

% proceedings =========================================
% editor
% title
% year
% publisher
% series
% volume

% inproceedings =======================================
% author
% title
% year
% booktitle
% publisher
% pages

@inproceedings{bienstock2014polynomial,
  author={D. Bienstock and A. Michalka},
  title={Polynomial solvability of variants of the {Trust-Region Subproblem}},
  year={2014},
  booktitle={Proceedings of the Twenty-Fifth Annual ACM-SIAM Symposium on Discrete Algorithms},
  publisher={SIAM},
  pages={380-390}
}

@inproceedings{dong2013valid,
  author={H. Dong and J. Linderoth},
  title={On valid inequalities for quadratic programming with continuous variables and binary indicators},
  year={2013},
  booktitle={Integer Programming and Combinatorial Optimization ({IPCO} 2013)},
  publisher={Springer},
  pages={169--180},
}

@inproceedings{megretski2001relaxations,
  author={A. Megretski},
  title={Relaxations of quadratic programs in operator theory and system analysis},
  year={2001},
  booktitle={Systems, Approximation, Singular Integral Operators, and Related Topics},
  publihser={Birkh{\"a}user Basel},
  pages={365--392}
}

@inproceedings{ramana1997polyhedra,
  author={M. V. Ramana},
  title={Polyhedra, spectrahedra, and semidefinite programming},
  year={1997},
  booktitle={Topics in semidefinite and interior-point methods},
  series={Fields Inst. Commun.},
  publisher={AMS},
  volume={18},
  pages={27--38}
}

@inproceedings{wang2020convex,
  author={A. L. Wang and F. K{\i}l{\i}n\c{c}-Karzan},
  title={On convex hulls of epigraphs of {QCQP}s},
  year={2020},
  booktitle={Integer Programming and Combinatorial Optimization ({IPCO} 2020)},
  publisher={Springer},
  pages={419--432}
}

@inproceedings{wei2020convexification,
  author={L. Wei and A. G\'{o}mez and S. K\"{u}\c{c}\"{u}kyavuz},
  title={On the Convexification of Constrained Quadratic Optimization Problems with Indicator Variables},
  year={2020},
  booktitle={Integer Programming and Combinatorial Optimization ({IPCO} 2020)},
  publisher={Springer},
  pages={433-447}
}

% arXiv articles ==========================================
% author
% title
% year
% journal=arXiv
% volume

@techreport{argue2020necessary,
  author={C.J. Argue and F. K{\i}l{\i}n\c{c}-Karzan and A. L. Wang},
  title={Necessary and sufficient conditions for rank-one generated cones},
  year={2020},
  journal=arXiv,
  number={arXiv:2007.07433}
}

@techreport{atamturk2018sparse,
  author={A. Atamturk and A. G\'{o}mez and S. Han},
  title={Sparse and smooth signal estimation: Convexification of l0 formulations},
  year={2018},
  journal=arXiv,
  number={1811.02655}
}

@techreport{gijswijt2010matrix,
  author={D. Gijswijt},
  title={Matrix algebras and semidefinite programming techniques for codes},
  year={2010},
  journal=arXiv,
  volume={arXiv:1007.0906}
}

@techreport{mixon2016clustering,
  author={D. G. Mixon and S. Villar and R. Ward},
  title={Clustering subgaussian mixtures by semidefinite programming},
  year={2016},
  journal=arXiv,
  volume={arXiv:1602.06612}
}

@techreport{santana2018convex,
  author={A. Santana and S. S. Dey},
  title={The convex hull of a quadratic constraint over a polytope},
  year={2018},
  journal=arXiv,
  volume={arXiv:1812.10160}
}

@techreport{wei2020ideal,
  author={L. Wei and A. G\'{o}mez and S. K\"{u}\c{c}\"{u}kyavuz},
  title={Ideal formulations for constrained convex optimization problems with indicator variables
},
  year={2020},
  journal=arXiv,
  number={arXiv:2007.00107}
}

% other

@techreport{nesterov1997quality,
  author={Y. Nesterov},
  title={Quality of semidefinite relaxation for nonconvex quadratic optimization},
  year={1997},
  institution={Universit\'e Catholique de Louvain, Center for Operations Research and Econometrics(CORE)},
  journal={CORE discussion paper},
  number={1997019}
}